@book{maschler_solan_zamir_2020,
  place = {Cambridge},
  edition = {2},
  title = {Game Theory},
  publisher = {Cambridge University Press},
  author = {Maschler, Michael and Solan, Eilon and Zamir, Shmuel},
  year = {2020},
}
